<record><leader>00000cas a22000007a 4500</leader><controlfield tag="001">13323151</controlfield><controlfield tag="008">860321d188318uuwvuwr ne      0    0eng d</controlfield><datafield ind1=" " ind2=" " tag="010"><subfield code="a">sn 86092422 </subfield></datafield><datafield ind1=" " ind2=" " tag="040"><subfield code="a">WVC</subfield><subfield code="b">eng</subfield><subfield code="c">WVC</subfield><subfield code="d">OCL</subfield><subfield code="d">OCLCQ</subfield></datafield><datafield ind1=" " ind2=" " tag="042"><subfield code="a">msc</subfield></datafield><datafield ind1="0" ind2="4" tag="245"><subfield code="a">The West Virginia transcript.</subfield></datafield><datafield ind1=" " ind2=" " tag="260"><subfield code="a">Elizabeth, W. Va. :</subfield><subfield code="b">Mark M. Rockhold &amp; F.T. Lockhart</subfield></datafield><datafield ind1=" " ind2=" " tag="300"><subfield code="a">v.</subfield></datafield><datafield ind1=" " ind2=" " tag="310"><subfield code="a">Weekly</subfield></datafield><datafield ind1="1" ind2=" " tag="362"><subfield code="a">Began Jan. 19, 1883.</subfield><subfield code="z">Cf. Hardesty, H.H. Hardesty's Historical and Geographical Encylopedia ... Roane, Calhoun, Jackson &amp; Wirt Co's.</subfield></datafield><datafield ind1=" " ind2=" " tag="588"><subfield code="a">Description based on: Vol. 13, no. 46 (Jan. 1, 1886).</subfield></datafield><datafield ind1=" " ind2=" " tag="752"><subfield code="a">United States</subfield><subfield code="b">West Virginia</subfield><subfield code="c">Wirt</subfield><subfield code="d">Elizabeth.</subfield></datafield><datafield ind1="0" ind2="0" tag="780"><subfield code="t">Wirt County mentor</subfield><subfield code="w">(DLC)sn 84038286</subfield></datafield></record>